@inproceedings{kour2014real,
  title={Organization of the Mitotic Chromosome},
  author={Naumova, Natalia and Imakaev, Maxim and Fudenberg, Geoffrey and Zhan, Ye and Lajoie, Bryan and Mirny, Leonid and Dekker, Job},
  booktitle={Science \textbf{342} (6161)},
  pages={948--953},
  year={2013},
}

@inproceedings{kour2014fast,
  title={Fast classification of handwritten on-line Arabic characters},
  author={Kour, George and Saabne, Raid},
  booktitle={Soft Computing and Pattern Recognition (SoCPaR), 2014 6th International Conference of},
  pages={312--318},
  year={2014},
  organization={Sergio}
}

@article{hadash2018estimate,
  title={Estimate and Replace: A Novel Approach to Integrating Deep Neural Networks with Existing Applications},
  author={Hadash, Guy and Kermany, Einat and Carmeli, Boaz and Lavi, Ofer and Kour, George and Jacovi, Alon},
  journal={arXiv preprint arXiv:1804.09028},
  year={2018}
}

@inproceedings{example1,
  title={Fast classification of handwritten on-line Arabic characters},
  author={Kour, George and Saabne, Raid},
  booktitle={Soft Computing and Pattern Recognition (SoCPaR), 2014 6th International Conference of},
  pages={312--318},
  year={2014},
  organization={IEEE}
 }

 @article{example2,
   title={Estimate and Replace: A Novel Approach to Integrating Deep Neural Networks with Existing Applications},
   author={Hadash, Guy and Kermany, Einat and Carmeli, Boaz and Lavi, Ofer and Kour, George and Jacovi, Alon},
   journal={arXiv preprint arXiv:1804.09028},
   year={2018}
 }
